@INPROCEEDINGS{mingcong, 
author={T. Henmi and Mingcong Deng and A. Inoue}, 
booktitle={2006 IEEE International Conference on Networking, Sensing and Control}, 
title={Swing-up Control of the Acrobot Using a New Partial Linearization Controller Based on the Lyapunov Theorem}, 
year={2006}, 
volume={}, 
number={}, 
pages={60-65}, 
keywords={Lyapunov methods;feedback;linear systems;motion control;nonlinear control systems;position control;robots;Acrobot swing-up controller design;Lyapunov theorem;horizontal bar gymnast;linearized sub-systems;nonlinear feedback;nonlinear underactuated control system;partial linearization;partial linearization controller;pumping energy;remote network control problem;time-variant reference function;Actuators;Control systems;Costs;Design methodology;Humans;Linear feedback control systems;Motion control;Numerical simulation;Robot kinematics;Technological innovation}, 
doi={10.1109/ICNSC.2006.1673118}, 
ISSN={}, 
month={},}

@ARTICLE{spong, 
author={M. W. Spong}, 
journal={IEEE Control Systems}, 
title={The swing up control problem for the Acrobot}, 
year={1995}, 
volume={15}, 
number={1}, 
pages={49-55}, 
keywords={feedback;linearisation techniques;mobile robots;Acrobot;partial feedback linearization;swing up control problem;two-degree-of-freedom planar robot;underactuated mechanical systems;zero dynamics;Actuators;Algorithm design and analysis;Control systems;Equations;Linear feedback control systems;Mechanical systems;Mobile robots;Orbital robotics;Robot kinematics;Robotics and automation}, 
doi={10.1109/37.341864}, 
ISSN={1066-033X}, 
month={Feb},}

@INPROCEEDINGS{1, 
author={Y. Dong and Z. Wang and Z. Feng and D. Wang and H. Fang}, 
booktitle={2008 Congress on Image and Signal Processing}, 
title={Energy-Based Control for a Class of Under-Actuated Mechanical Systems}, 
year={2008}, 
volume={3}, 
number={}, 
pages={139-143}, 
keywords={Actuators;Control systems;Convergence;Design methodology;Lyapunov method;Mechanical systems;Potential energy;Power engineering and energy;Robust stability;Stability analysis;Pendubot;toverhead crane;under-actuated mechanical system}, 
doi={10.1109/CISP.2008.304}, 
ISSN={}, 
month={May},}

@INPROCEEDINGS{2, 
author={A. Inoue and M. Deng and S. Hara and T. Henmi}, 
booktitle={2007 IEEE International Conference on Networking, Sensing and Control}, 
title={Swing-up and stabilizing control system design for an Acrobot}, 
year={2007}, 
volume={}, 
number={}, 
pages={559-561}, 
keywords={control system synthesis;motion control;robot dynamics;stability;acrobot;stabilizing control system;stabilizing controller;swing-up controller;Control systems;Design engineering;Educational institutions;Hydrogen;Linear feedback control systems;Motion control;Nonlinear control systems;Numerical simulation;Systems engineering and theory;Weight control;Acrobot;energy control;partial feedback linearization;simultaneous swing-up;stabilization}, 
doi={10.1109/ICNSC.2007.372839}, 
ISSN={}, 
month={April},}

@ARTICLE{3, 
author={X. Z. Lai and J. H. She and S. X. Yang and M. Wu}, 
journal={IEEE Transactions on Systems, Man, and Cybernetics, Part B (Cybernetics)}, 
title={Comprehensive Unified Control Strategy for Underactuated Two-Link Manipulators}, 
year={2009}, 
volume={39}, 
number={2}, 
pages={389-398}, 
keywords={Lyapunov methods;manipulators;motion control;nonlinear control systems;optimal control;stability;LaSalle invariance principle;acrobots;global stability;motion control;nonlinear function;nonsmooth Lyapunov function;pendubots;underactuated two-link manipulators;unified control strategy;weak-control Lyapunov function;Acrobot;LaSalle's invariance principle;nonsmooth Lyapunov function (NSLF);singularity;stabilization;underactuated manipulator;weak-control Lyapunov function (WCLF)}, 
doi={10.1109/TSMCB.2008.2005910}, 
ISSN={1083-4419}, 
month={April},}

@INPROCEEDINGS{4, 
author={Z. Dengfeng and Z. Zhifei and L. Shiya and Z. Xiaogang}, 
booktitle={2017 3rd IEEE International Conference on Control Science and Systems Engineering (ICCSSE)}, 
title={An improved departed domain control strategy for acrobot}, 
year={2017}, 
volume={}, 
number={}, 
pages={5-9}, 
keywords={Lyapunov methods;control system synthesis;manipulators;motion control;nonlinear control systems;pole assignment;position control;stability;LaSalle invariance principle;acrobot manipulator;departed domain control strategy;firing control law;nonlinear systems;poles placement;posture control;swing-up control;underactuated two-link manipulator;weak-control Lyapunov function(WCLF);Firing;Manipulators;Mathematical model;Numerical stability;Simulation;Switches;acrobot;lyapunov principle;poles placement;stabilization;underactuated manipulator}, 
doi={10.1109/CCSSE.2017.8087884}, 
ISSN={}, 
month={Aug},}

@ARTICLE{5,
author = {T. Nam and T. Mita and Ioannis Pantelidis and Masaki Yamakita},
title = { Swing-up Control and Singular Problem of an Acrobot System},
year = {2002},
booktitle = {Journal of the Robotics Society of Japan},
volume = {20(1)},
pages={85-88},}

@INPROCEEDINGS{6, 
author={T. Henmi and T. Wada and Mingcong Deng and A. Inoue and N. Ueki and Y. Hirashima}, 
booktitle={2004 5th Asian Control Conference (IEEE Cat. No.04EX904)}, 
title={Swing-up control of an Acrobot having a limited range of joint angle of two links}, 
year={2004}, 
volume={2}, 
number={}, 
pages={1071-1076 Vol.2}, 
keywords={humanoid robots;motion control;nonlinear control systems;Acrobot;horizontal bar gymnast model;nonlinear control scheme;swing-up control;Actuators;Biological system modeling;Control systems;Humans;Joints;Linear feedback control systems;Mobile robots;Motion analysis;Motion control;Orbital robotics}, 
doi={}, 
ISSN={}, 
month={July},}

@misc{tedrake, 
author={Russ Tedrake}, 
title={Underactuated Robotics: Algorithms for Walking, Running, Swimming, Flying, and Manipulation (Course Notes for MIT 6.832)}, 
howpublished = "\url{http://underactuated.mit.edu/}",}

@ARTICLE{chebyshev, 
author={J. Vlassenbroeck and R. Van Dooren}, 
journal={IEEE Transactions on Automatic Control}, 
title={A Chebyshev technique for solving nonlinear optimal control problems}, 
year={1988}, 
volume={33}, 
number={4}, 
pages={333-340}, 
keywords={control system analysis;nonlinear control systems;optimal control;performance index;Chebyshev coefficients;Chebyshev series;boundary conditions;linear quadratic control;nonlinear optimal control;performance index;system dynamics;Boundary conditions;Chebyshev approximation;Control systems;Dentistry;Differential equations;Dynamic programming;Integral equations;Nonlinear dynamical systems;Optimal control;Polynomials}, 
doi={10.1109/9.192187}, 
ISSN={0018-9286}, 
month={Apr},}

@misc{lagrange_interpolation,
author={Archer, Branden and Weisstein, Eric W. },
title = {Lagrange Interpolating Polynomial},
howpublished = "\url{http://mathworld.wolfram.com/LagrangeInterpolatingPolynomial.html}",}

@BOOK{sontag,
TITLE = {Mathematical Control Theory: Deterministic Finite Dimensional Systems.},
AUTHOR = {Sontag, Eduardo},
YEAR = {1998},
PUBLISHER = {Springer},
}



